@article{Ha2022,
  title = {The Changing Climate and Pregnancy Health},
  volume = {9},
  ISSN = {2196-5412},
  url = {http://dx.doi.org/10.1007/s40572-022-00345-9},
  DOI = {10.1007/s40572-022-00345-9},
  number = {2},
  journal = {Current Environmental Health Reports},
  publisher = {Springer Science and Business Media LLC},
  author = {Ha,  Sandie},
  year = {2022},
  month = feb,
  pages = {263–275}
}

@article{Almond2011,
  title = {Killing Me Softly: The Fetal Origins Hypothesis},
  volume = {25},
  ISSN = {0895-3309},
  url = {http://dx.doi.org/10.1257/jep.25.3.153},
  DOI = {10.1257/jep.25.3.153},
  number = {3},
  journal = {Journal of Economic Perspectives},
  publisher = {American Economic Association},
  author = {Almond,  Douglas and Currie,  Janet},
  year = {2011},
  month = aug,
  pages = {153–172}
}

@article{Lambiris2021,
  title = {Birth weight and adult earnings: a systematic review and meta-analysis},
  volume = {13},
  ISSN = {2040-1752},
  url = {http://dx.doi.org/10.1017/S2040174421000404},
  DOI = {10.1017/s2040174421000404},
  number = {3},
  journal = {Journal of Developmental Origins of Health and Disease},
  publisher = {Cambridge University Press (CUP)},
  author = {Lambiris,  Mark J. and Blakstad,  Mia M. and Perumal,  Nandita and Danaei,  Goodarz and Bliznashka,  Lilia and Fink,  G\"{u}nther and Sudfeld,  Christopher R.},
  year = {2021},
  month = jul,
  pages = {284–291}
}

@article{Schellong2012,
  title = {Birth Weight and Long-Term Overweight Risk: Systematic Review and a Meta-Analysis Including 643, 902 Persons from 66 Studies and 26 Countries Globally},
  volume = {7},
  ISSN = {1932-6203},
  url = {http://dx.doi.org/10.1371/journal.pone.0047776},
  DOI = {10.1371/journal.pone.0047776},
  number = {10},
  journal = {PLoS ONE},
  publisher = {Public Library of Science (PLoS)},
  author = {Schellong,  Karen and Schulz,  Sandra and Harder,  Thomas and Plagemann,  Andreas},
  editor = {Hernandez,  Adrian V.},
  year = {2012},
  month = oct,
  pages = {e47776}
}

@article{Bharadwaj2017,
  title = {Birth Weight in the Long Run},
  volume = {53},
  ISSN = {1548-8004},
  url = {http://dx.doi.org/10.3368/jhr.53.1.0715-7235R},
  DOI = {10.3368/jhr.53.1.0715-7235r},
  number = {1},
  journal = {Journal of Human Resources},
  publisher = {University of Wisconsin Press},
  author = {Bharadwaj,  Prashant and Lundborg,  Petter and Rooth,  Dan-Olof},
  year = {2017},
  month = jan,
  pages = {189–231}
}

@article{Cohen2022,
  title = {Mortality,  Temperature,  and Public Health Provision: Evidence from Mexico},
  volume = {14},
  ISSN = {1945-774X},
  url = {http://dx.doi.org/10.1257/pol.20180594},
  DOI = {10.1257/pol.20180594},
  number = {2},
  journal = {American Economic Journal: Economic Policy},
  publisher = {American Economic Association},
  author = {Cohen,  Fran\c{c}ois and Dechezlepr\^etre,  Antoine},
  year = {2022},
  month = may,
  pages = {161–192}
}

@article{Chen2020,
  title = {The effects of prenatal exposure to temperature extremes on birth outcomes: the case of China},
  volume = {33},
  ISSN = {1432-1475},
  url = {http://dx.doi.org/10.1007/s00148-020-00768-4},
  DOI = {10.1007/s00148-020-00768-4},
  number = {4},
  journal = {Journal of Population Economics},
  publisher = {Springer Science and Business Media LLC},
  author = {Chen,  Xi and Tan,  Chih Ming and Zhang,  Xiaobo and Zhang,  Xin},
  year = {2020},
  month = mar,
  pages = {1263–1302}
}

@article{Gouveia2003,
  title = {Socioeconomic differentials in the temperature–mortality relationship in São Paulo,  Brazil},
  volume = {32},
  ISSN = {0300-5771},
  url = {http://dx.doi.org/10.1093/ije/dyg077},
  DOI = {10.1093/ije/dyg077},
  number = {3},
  journal = {International Journal of Epidemiology},
  publisher = {Oxford University Press (OUP)},
  author = {Gouveia,  Nelson and Hajat,  Shakoor and Armstrong,  Ben},
  year = {2003},
  month = jun,
  pages = {390–397}
}

@article{ConteKeivabu2022,
  title = {Extreme Heat,  Birth Outcomes,  and Socioeconomic Heterogeneity},
  volume = {59},
  ISSN = {1533-7790},
  url = {http://dx.doi.org/10.1215/00703370-10174836},
  DOI = {10.1215/00703370-10174836},
  number = {5},
  journal = {Demography},
  publisher = {Duke University Press},
  author = {Conte Keivabu,  Risto and Cozzani,  Marco},
  year = {2022},
  month = sep,
  pages = {1631–1654}
}

@article{Barreca2016,
  title = {Adapting to Climate Change: The Remarkable Decline in the US Temperature-Mortality Relationship over the Twentieth Century},
  volume = {124},
  ISSN = {1537-534X},
  url = {http://dx.doi.org/10.1086/684582},
  DOI = {10.1086/684582},
  number = {1},
  journal = {Journal of Political Economy},
  publisher = {University of Chicago Press},
  author = {Barreca,  Alan and Clay,  Karen and Deschenes,  Olivier and Greenstone,  Michael and Shapiro,  Joseph S.},
  year = {2016},
  month = feb,
  pages = {105–159}
}
@article{arceo2020droughts,
  title={Droughts and rural households’ wellbeing: evidence from Mexico},
  author={Arceo-G{\'o}mez, Eva O and Hern{\'a}ndez-Cort{\'e}s, Danae and L{\'o}pez-Feldman, Alejandro},
  journal={Climatic Change},
  volume={162},
  number={3},
  pages={1197--1212},
  year={2020},
  publisher={Springer}
}

@techreport{Calvin2023,
  year = {2023},
  month = "jul",
  publisher = "Intergovernmental Panel on Climate Change (IPCC)",
  author = "IPCC",
  title = "{IPCC}, 2023: Climate Change 2023: Synthesis Report. Contribution of Working Groups I, II and III to the Sixth Assessment Report of the Intergovernmental Panel on Climate Change [Core Writing Team, H. Lee and J. Romero (eds.)]. {IPCC}, Geneva, Switzerland."
}

@article{Kim2021,
  title = {What to Expect When It Gets Hotter: The Impacts of Prenatal Exposure to Extreme Temperature on Maternal Health},
  volume = {7},
  ISSN = {2332-3507},
  url = {http://dx.doi.org/10.1086/714359},
  DOI = {10.1086/714359},
  number = {3},
  journal = {American Journal of Health Economics},
  publisher = {University of Chicago Press},
  author = {Kim,  Jiyoon and Lee,  Ajin and Rossin-Slater,  Maya},
  year = {2021},
  month = jun,
  pages = {281–305}
}

@article{Jessoe2017,
  title = {Climate Change and Labour Allocation in Rural Mexico: Evidence from Annual Fluctuations in Weather},
  volume = {128},
  ISSN = {0013-0133},
  url = {http://dx.doi.org/10.1111/ecoj.12448},
  DOI = {10.1111/ecoj.12448},
  number = {608},
  journal = {The Economic Journal},
  publisher = {Oxford University Press (OUP)},
  author = {Jessoe,  Katrina and Manning,  Dale T. and Taylor,  J. Edward},
  year = {2017},
  month = jun,
  pages = {230–261}
}

@article{Skoufias2012,
  title = {Climate variability and child height in rural Mexico},
  volume = {10},
  ISSN = {1570-677X},
  url = {http://dx.doi.org/10.1016/j.ehb.2011.06.001},
  DOI = {10.1016/j.ehb.2011.06.001},
  number = {1},
  journal = {Economics and Human Biology},
  publisher = {Elsevier BV},
  author = {Skoufias,  Emmanuel and Vinha,  Katja},
  year = {2012},
  month = jan,
  pages = {54–73}
}

@article{Gasparrini2015,
  title = {Mortality risk attributable to high and low ambient temperature: a multicountry observational study},
  volume = {386},
  ISSN = {0140-6736},
  url = {http://dx.doi.org/10.1016/S0140-6736(14)62114-0},
  DOI = {10.1016/s0140-6736(14)62114-0},
  number = {9991},
  journal = {The Lancet},
  publisher = {Elsevier BV},
  author = {Gasparrini,  Antonio and Guo,  Yuming and Hashizume,  Masahiro and Lavigne,  Eric and Zanobetti,  Antonella and Schwartz,  Joel and Tobias,  Aurelio and Tong,  Shilu and Rockl\"{o}v,  Joacim and Forsberg,  Bertil and Leone,  Michela and De Sario,  Manuela and Bell,  Michelle L and Guo,  Yue-Liang Leon and Wu,  Chang-fu and Kan,  Haidong and Yi,  Seung-Muk and de Sousa Zanotti Stagliorio Coelho,  Micheline and Saldiva,  Paulo Hilario Nascimento and Honda,  Yasushi and Kim,  Ho and Armstrong,  Ben},
  year = {2015},
  month = jul,
  pages = {369–375}
}

@article{deJanvry2006,
  title = {Can conditional cash transfer programs serve as safety nets in keeping children at school and from working when exposed to shocks?},
  volume = {79},
  ISSN = {0304-3878},
  url = {http://dx.doi.org/10.1016/j.jdeveco.2006.01.013},
  DOI = {10.1016/j.jdeveco.2006.01.013},
  number = {2},
  journal = {Journal of Development Economics},
  publisher = {Elsevier BV},
  author = {de Janvry,  Alain and Finan,  Frederico and Sadoulet,  Elisabeth and Vakis,  Renos},
  year = {2006},
  month = apr,
  pages = {349–373}
}

@article{Skoufias2002,
  title = {LABOR MARKET SHOCKS AND THEIR IMPACTS ON WORK AND SCHOOLING: EVIDENCE FROM URBAN MEXICO},
  doi = {10.22004/AG.ECON.16405},
  url = {https://ageconsearch.umn.edu/record/16405},
  author = {Skoufias,  Emmanuel and Parker,  Susan W. and Skoufias,  Emmanuel and Parker,  Susan W.},
  keywords = {Labor and Human Capital},
  language = {en},
  publisher = {Unknown},
  year = {2002}
}

@article{Parker2017,
  title = {Conditional Cash Transfers: The Case ofProgresa/Oportunidades},
  volume = {55},
  ISSN = {0022-0515},
  url = {http://dx.doi.org/10.1257/jel.20151233},
  DOI = {10.1257/jel.20151233},
  number = {3},
  journal = {Journal of Economic Literature},
  publisher = {American Economic Association},
  author = {Parker,  Susan W. and Todd,  Petra E.},
  year = {2017},
  month = sep,
  pages = {866–915}
}

@article{Lobato-Sanchez2016,
  author = {René Lobato-Sánchez},
  title = {El monitor de la sequía en México},
  journal = {Tecnología y ciencias del agua},
  volume = {7},
  number = {5},
  pages = {197--211},
  year = {2016},
  month = {October},
  url = {http://www.scielo.org.mx/scielo.php?script=sci_arttext&pid=S2007-24222016000500197&lng=es&nrm=iso},
  note = {Accessed: 2024-07-18}
}

@article{Mullins2020,
  title = {Can access to health care mitigate the effects of temperature on mortality?},
  volume = {191},
  ISSN = {0047-2727},
  url = {http://dx.doi.org/10.1016/j.jpubeco.2020.104259},
  DOI = {10.1016/j.jpubeco.2020.104259},
  journal = {Journal of Public Economics},
  publisher = {Elsevier BV},
  author = {Mullins,  Jamie T. and White,  Corey},
  year = {2020},
  month = nov,
  pages = {104259}
}

@article{Bailey2015,
  title = {The War on Poverty’s Experiment in Public Medicine: Community Health Centers and the Mortality of Older Americans},
  volume = {105},
  ISSN = {0002-8282},
  url = {http://dx.doi.org/10.1257/aer.20120070},
  DOI = {10.1257/aer.20120070},
  number = {3},
  journal = {American Economic Review},
  publisher = {American Economic Association},
  author = {Bailey,  Martha J. and Goodman-Bacon,  Andrew},
  year = {2015},
  month = mar,
  pages = {1067–1104}
}

@article{ACOG2017,
  title = {Obstetric Care Consensus No. 6: Periviable Birth},
  author = {{American College of Obstetricians and Gynecologists} and {Society for Maternal-Fetal Medicine}},
  journal = {Obstetrics \& Gynecology},
  volume = {130},
  number = {4},
  pages = {e187-e199},
  year = {2017},
  note = {Reaffirmed 2020},
  url = {https://www.acog.org/clinical/clinical-guidance/obstetric-care-consensus/articles/2017/10/periviable-birth}
}

@misc{de2010indice,
  title={{\'I}ndice de marginaci{\'o}n por entidad federativa y municipio},
  author={De la Vega, S and Romo, R and Gonz{\'a}lez, A},
  year={2010},
  publisher={M{\'e}xico: Consejo Nacional de Poblaci{\'o}n}
}

@article{Adhvaryu2023,
  title = {Helping Children Catch Up: Early Life Shocks and the PROGRESA Experiment},
  volume = {134},
  ISSN = {1468-0297},
  url = {http://dx.doi.org/10.1093/ej/uead067},
  DOI = {10.1093/ej/uead067},
  number = {657},
  journal = {The Economic Journal},
  publisher = {Oxford University Press (OUP)},
  author = {Adhvaryu,  Achyuta and Molina,  Teresa and Nyshadham,  Anant and Tamayo,  Jorge},
  year = {2023},
  month = aug,
  pages = {1–22}
}

@article{Parker2023,
  title = {Do Conditional Cash Transfers Improve Economic Outcomes in the Next Generation? Evidence from Mexico},
  volume = {133},
  ISSN = {1468-0297},
  url = {http://dx.doi.org/10.1093/ej/uead049},
  DOI = {10.1093/ej/uead049},
  number = {655},
  journal = {The Economic Journal},
  publisher = {Oxford University Press (OUP)},
  author = {Parker,  Susan W and Vogl,  Tom},
  year = {2023},
  month = jul,
  pages = {2775–2806}
}

@article{Barber2008,
  title = {The impact of Mexico’s conditional cash transfer programme,  Oportunidades,  on birthweight},
  volume = {13},
  ISSN = {1365-3156},
  url = {http://dx.doi.org/10.1111/j.1365-3156.2008.02157.x},
  DOI = {10.1111/j.1365-3156.2008.02157.x},
  number = {11},
  journal = {Tropical Medicine \& amp; International Health},
  publisher = {Wiley},
  author = {Barber,  Sarah L. and Gertler,  Paul J.},
  year = {2008},
  month = nov,
  pages = {1405–1414}
}

@article{Urquieta2009,
  title = {Impact of Oportunidades on Skilled Attendance at Delivery in Rural Areas},
  volume = {57},
  ISSN = {1539-2988},
  url = {http://dx.doi.org/10.1086/596598},
  DOI = {10.1086/596598},
  number = {3},
  journal = {Economic Development and Cultural Change},
  publisher = {University of Chicago Press},
  author = {Urquieta,  Jose and Angeles,  Gustavo and Mroz,  Thomas and Lamadrid‐Figueroa,  Hector and Hernández,  Bernardo},
  year = {2009},
  month = apr,
  pages = {539–558}
}
@article{LamadridFigueroa2010,
  title = {Heterogeneous impact of the social programme Oportunidades on use of contraceptive methods by young adult women living in rural areas},
  volume = {2},
  ISSN = {1943-9407},
  url = {http://dx.doi.org/10.1080/19439341003599726},
  DOI = {10.1080/19439341003599726},
  number = {1},
  journal = {Journal of Development Effectiveness},
  publisher = {Informa UK Limited},
  author = {Lamadrid-Figueroa,  Héctor and Ángeles,  Gustavo and Mroz,  Thomas and Urquieta-Salomón,  José and Hernández-Prado,  Bernardo and Cruz-Valdez,  Aurelio and Téllez-Rojo,  Martha M.},
  year = {2010},
  month = apr,
  pages = {74–86}
}

@article{Gertler2012,
  title = {Investing Cash Transfers to Raise Long-Term Living Standards},
  volume = {4},
  ISSN = {1945-7790},
  url = {http://dx.doi.org/10.1257/app.4.1.164},
  DOI = {10.1257/app.4.1.164},
  number = {1},
  journal = {American Economic Journal: Applied Economics},
  publisher = {American Economic Association},
  author = {Gertler,  Paul J and Martinez,  Sebastian W and Rubio-Codina,  Marta},
  year = {2012},
  month = jan,
  pages = {164–192}
}

@techreport{macours2012transfers,
  title={Transfers, Diversification and Household Risk Strategies: Experimental Evidence with Lessons for Climate Change Adaptation},
  author={Macours, Karen and Premand, Patrick and Vakis, Renos},
  year={2012},
  month={April},
  number={6053},
  institution={World Bank Policy Research Working Paper},
  url={https://ssrn.com/abstract=2045949},
  note={Available at SSRN: https://ssrn.com/abstract=2045949}
}

@article{gonzalez2020mexico,
  title={Mexico: Health system review},
  author={González Block, MA and Reyes Morales, H and Cahuana Hurtado, L and Balandrán, A and Méndez, E and Allin, S},
  journal={Health Systems in Transition},
  volume={22},
  number={2},
  pages={i--222},
  year={2020},
  publisher={European Observatory on Health Systems and Policies},
  issn={1817-6127},
  keywords={DELIVERY OF HEALTH CARE, EVALUATION STUDIES, FINANCING, HEALTH, HEALTH CARE REFORM, HEALTH SYSTEM PLANS – organization and administration, MEXICO},
  note={© World Health Organization 2020 (acting as the host organization for, and secretariat of, the European Observatory on Health Systems and Policies)},
  url={http://www.euro.who.int/pubrequest}
}

@article{ChemorRuiz2018,
  title = {Mexico’s Seguro Popular: Achievements and Challenges},
  volume = {4},
  ISSN = {2328-8620},
  url = {http://dx.doi.org/10.1080/23288604.2018.1488505},
  DOI = {10.1080/23288604.2018.1488505},
  number = {3},
  journal = {Health Systems \&; Reform},
  publisher = {Informa UK Limited},
  author = {Chemor Ruiz,  Antonio and Ratsch,  Anette Elena Ochmann and Alamilla Martínez,  Gloria Araceli},
  year = {2018},
  month = jul,
  pages = {194–202}
}

@article{Mardian2022,
  title = {The role of spatial scale in drought monitoring and early warning systems: a review},
  volume = {30},
  ISSN = {1208-6053},
  url = {http://dx.doi.org/10.1139/er-2021-0102},
  DOI = {10.1139/er-2021-0102},
  number = {3},
  journal = {Environmental Reviews},
  publisher = {Canadian Science Publishing},
  author = {Mardian,  Jacob},
  year = {2022},
  month = sep,
  pages = {438–459}
}

@article{usdrought2002,
    author = {Svoboda, Mark and Lecomte, Doug and Hayes, Mike and Heim, Richard and Gleason, Karin and Angel, Jim and Rippey, Brad and Tinker, Rich and Palecki, Mike and Stooksbury, David and Miskus, David and Stephens, Scott},
  volume = {83},
  ISSN = {1520-0477},
  url = {http://dx.doi.org/10.1175/1520-0477(2002)083<1181:TDM>2.3.CO;2},
  DOI = {10.1175/1520-0477(2002)083<1181:tdm>2.3.co;2},
  number = {8},
  journal = {Bulletin of the American Meteorological Society},
  publisher = {American Meteorological Society},
  year = {2002},
  month = aug,
  pages = {1181–1190}
}

@article{lobato2016drought,
  title={El monitor de la sequía en México},
  author={Lobato-Sánchez, Rene},
  journal={Tecnología y ciencias del agua},
  volume={7},
  number={5},
  pages={},
  year={2016},
  month={Sep/Oct},
  publisher={Instituto Mexicano de Tecnología del Agua},
  address={Jiutepec, Morelos, México},
  issn={2007-2422},
  url={http://tlaloc.imta.mx},
}

@article{Meherali2024,
  title = {Impact of climate change on maternal health outcomes: An evidence gap map review},
  volume = {4},
  ISSN = {2767-3375},
  url = {http://dx.doi.org/10.1371/journal.pgph.0003540},
  DOI = {10.1371/journal.pgph.0003540},
  number = {8},
  journal = {PLOS Global Public Health},
  publisher = {Public Library of Science (PLoS)},
  author = {Meherali,  Salima and Nisa,  Saba and Aynalem,  Yared Asmare and Kennedy,  Megan and Salami,  Bukola and Adjorlolo,  Samuel and Ali,  Parveen and Silva,  K\^enia Lara and Aziato,  Lydia and Richter,  Solina and Lassi,  Zohra S.},
  editor = {Goel,  Rahul},
  year = {2024},
  month = aug,
  pages = {e0003540}
}

@article{Jain2021,
  title = {A Strategic Program for Risk Assessment and Intervention to Mitigate Environmental Stressor-Related Adverse Pregnancy Outcomes in the Indian Population},
  volume = {3},
  ISSN = {2673-3153},
  url = {http://dx.doi.org/10.3389/frph.2021.673118},
  DOI = {10.3389/frph.2021.673118},
  journal = {Frontiers in Reproductive Health},
  publisher = {Frontiers Media SA},
  author = {Jain,  Divyanu and Jain,  Ajay K. and Metz,  Gerlinde A. S. and Ballanyi,  Nina and Sood,  Abha and Linder,  Rupert and Olson,  David M.},
  year = {2021},
  month = may 
}